<record><leader>00000cas a22000007a 4500</leader><controlfield tag="001">22613097</controlfield><controlfield tag="008">901031d19551977couwr ne      0    0eng d</controlfield><datafield ind1=" " ind2=" " tag="010"><subfield code="a">sn 90051895 </subfield></datafield><datafield ind1=" " ind2=" " tag="040"><subfield code="a">CNQ</subfield><subfield code="b">eng</subfield><subfield code="c">CNQ</subfield><subfield code="d">OCLCQ</subfield></datafield><datafield ind1=" " ind2=" " tag="042"><subfield code="a">msc</subfield></datafield><datafield ind1="0" ind2=" " tag="130"><subfield code="a">Colorado democrat (Denver, Colo. : 1955)</subfield></datafield><datafield ind1="1" ind2="4" tag="245"><subfield code="a">The Colorado democrat.</subfield></datafield><datafield ind1=" " ind2=" " tag="260"><subfield code="a">Denver, Colo. :</subfield><subfield code="b">[s.n.]</subfield></datafield><datafield ind1=" " ind2=" " tag="300"><subfield code="a">v.</subfield></datafield><datafield ind1=" " ind2=" " tag="310"><subfield code="a">Weekly</subfield></datafield><datafield ind1="0" ind2=" " tag="362"><subfield code="a">Vol. 57, no. 10 (Nov. 5, 1955)-v. 12, no. 7 (Feb. 12, 1977).</subfield></datafield><datafield ind1=" " ind2=" " tag="500"><subfield code="a">Published as: Democrat, Dec. 27, 1969, and: New Colorado democrat, July 10, 1971-Dec. 25, 1971.</subfield></datafield><datafield ind1=" " ind2=" " tag="530"><subfield code="a">Available on microfilm from the Colorado Historical Society.</subfield></datafield><datafield ind1=" " ind2=" " tag="752"><subfield code="a">United States</subfield><subfield code="b">Colorado</subfield><subfield code="c">Denver</subfield><subfield code="d">Denver.</subfield></datafield><datafield ind1="0" ind2="0" tag="780"><subfield code="t">Denver democrat (Denver, Colo. : 1905)</subfield><subfield code="w">(DLC)sn 90051894</subfield></datafield><datafield ind1="0" ind2="0" tag="785"><subfield code="t">Colorado statesman (Denver, Colo. : 1977)</subfield><subfield code="w">(DLC)sn 91052350</subfield></datafield></record>